@ARTICLE{berginsight,
	AUTHOR = "{Berg Insight}",
	TITLE = "Smart Homes and Home Automation",
	JOURNAL = "M2M Research Series",
	YEAR = {2013}	}

@ARTICLE{abi,
	AUTHOR = "{ABI Research}",
	TITLE = "Home Automation, Security, and Monitoring",
	YEAR = {2012}	}

@BOOK{harper,
	AUTHOR = "Richard Harper",
	TITLE = "Inside the Smart Home",
	PUBLISHER = "Springer",
	YEAR = {2003}	}

@ARTICLE{sha,
	AUTHOR = "Ameena Saad al-sumaiti and Mohammed Hassan Ahmed and Magdy M. A. Salama",
	TITLE = "Smart Home Activities: A Literature Review",
	YEAR = {2014}	}

@ARTICLE{mast,
	AUTHOR = "G. Morganti and A.M. Perdon and G. Conte and D. Scaradozzi",
	TITLE = "Multi-Agent System Theory for Modelling a Home Automation System",
	PUBLISHER = "Springer-Verlag",
	YEAR = {2009} 	}

@ARTICLE{dif,
	AUTHOR = "Alessandro Solimando and Riccardo Traverso",
	TITLE = "Designing and Implementing a Framework forBDI-style Communicating Agents in Haskell",
	YEAR = {2012} 	}

@BOOK{b:ippr,
	AUTHOR = "Michael E. Bratman",
	TITLE = "Intention, Plans, and Practical Reason",
	PUBLISHER = "Harvard University Press: Cambridge, MA",
	YEAR	= {1987}	}

@BOOK{b:rara,
	AUTHOR = "Michael Wooldridge",
	TITLE = "Reasoning about Rational Agents",
	PUBLISHER = "The MIT Press: Cambridge, MA",
	YEAR = {2000}	}

@BOOK{b:mas,
	AUTHOR = "Michael Wooldridge",
	TITLE = "An Introduction to MultiAgent Systems",
	PUBLISHER = "John Wiley and Sons, Ltd",
	YEAR = {2002}	}

@ARTICLE{ssh,
	AUTHOR = "{Stichting Smart Homes, Nationaal Kenniscentrum Domotica \& Slim Wonen}",
	TITLE = "The integration of technology and services in the home environment"}

@ARTICLE{cm,
	AUTHOR = "{Carnegie Mellon University}",
	TITLE = "Multi-Agent Systems"	}

